2902 4560
574 387 766 426 ARUNDINES
791 387 885 428 cam.

508 682 598 747 AH!
638 683 720 750 SIM
752 682 954 748 PAPILIO.

355 828 433 894 An!
464 829 524 893 sim
546 827 666 914 Papilio
687 836 780 894 natus
801 830 834 893 in
854 828 992 906 flosculo,

397 950 492 1014 Resae
513 949 566 1013 ubi
587 949 711 1035 liliaque
733 957 765 1014 et
785 948 874 1014 violae
895 948 1021 1024 halent;

356 1068 501 1134 Floribus
521 1067 677 1146 advolans,
699 1068 834 1146 avolana,
856 1067 962 1134 osculo

398 1187 579 1253 Gemmulaa
599 1196 742 1275 tangens,
764 1211 834 1274 quae
855 1210 948 1254 suave
969 1188 1074 1264 olent!

172 1344 174 1383 3
357 1307 488 1393 Seeptra
509 1314 541 1372 et
562 1329 638 1394 opes
658 1329 718 1394 ego
739 1309 919 1394 neutiquam
939 1307 1072 1394 postulo,

232 1412 234 1416 ’
399 1426 480 1492 ΝοΙο
501 1449 561 1514 ego
582 1427 623 1491 ad
643 1427 738 1511 pedes
759 1427 813 1513 qui
834 1450 869 1492 se
890 1427 1093 1493 volutent:-

358 1545 430 1609 Ah!
461 1545 521 1609 sim
543 1545 665 1631 Papilio
685 1553 779 1611 natus
799 1546 991 1624 iufloseu10‚

399 1663 552 1730 osculans
572 1687 712 1752 gemmas
734 1688 803 1751 quae
823 1686 917 1730 suave
937 1664 1042 1730 olent!

357 1850 518 1938 Magiaam
538 1851 566 1916 si
587 1870 711 1936 possem
731 1852 851 1939 virgam
871 1851 976 1930 iurari,

399 1969 479 2034 Aina
499 1969 557 2034 haa
578 1968 702 2055 pulcras
722 1977 828 2056 aptam
848 1970 901 2048 mi,
924 1969 1023 2035 eheu!

357 2087 491 2154 AEativia
510 2088 591 2154 actis
612 2089 721 2154 diebus
742 2089 775 2153 in
794 2096 876 2166 atre,

399 2206 485 2272 Rosa
507 2209 622 2272 cubant
645 2207 826 2274 Philomelae
847 2215 952 2274 cantu.

357 2326 442 2411 Opes
462 2325 538 2411 quid
557 2327 690 2391 afferunt
698 2329 854 2407 i-euraa,
876 2348 1019 2392 somnum
1040 2350 1127 2394 rare:

400 2445 531 2532 Sceptra
550 2445 594 2509 nil
614 2454 728 2532 praeter
748 2468 912 2526 aerumnas,
934 2447 1033 2512 eheu!

357 2562 431 2628 Ah!
462 2564 523 2629 sim
545 2565 676 2650 Papilio,
706 2566 756 2631 die
776 2565 883 2630 volana
903 2572 985 2645 a'e're,

400 2685 486 2750 Rosa
506 2687 624 2751 cubans
646 2686 827 2752 Philomelae
849 2691 964 2753 cautu!

358 2871 517 2958 Quamque
538 2872 649 2937 horum
669 2873 814 2961 vagulum
835 2874 912 2939 dieis
933 2873 1058 2939 horrore

401 2990 534 3080 Frigora
554 2994 695 3057 autumni
715 2994 806 3058 ferire
827 3016 903 3060 suo:

358 3112 470 3177 AEstaa
491 3113 614 3197 quando
635 3113 722 3192 abiit,
744 3113 867 3178 mallem
888 3136 948 3201 ego
969 3114 1057 3192 mori,

401 3230 495 3295 Omni
516 3231 599 3316 quod
620 3231 709 3306 dulce
729 3239 779 3297 est
799 3233 930 3298 radente
950 3232 1068 3318 pulcro,

358 3351 483 3416 Brumae
504 3351 558 3438 qui
581 3351 709 3437 eupiunt
730 3361 857 3438 captent
878 3353 983 3419 labore

175 3476 178 3588 i
401 3470 533 3549 Gaudia,
555 3479 588 3536 et
608 3493 711 3536 moras
731 3473 839 3538 breves
860 3473 1051 3539 trahunto-
1282 3534 1285 3579 ι

358 3589 433 3654 Ah!
464 3590 524 3655 aim
546 3590 685 3678 Papilio:
716 3592 817 3657 vivam
838 3593 871 3657 in
891 3616 1004 3672 errore,

1075 3833 1196 3900 aw.
1282 3908 1284 3930 Ι

402 3709 629 3798 Oeneidamque
650 3712 734 3776 omni
757 3714 887 3780 cadente
908 3714 1034 3801 pulcro!
